<?xml version="1.0" encoding="UTF-8"?>
<collection xmlns:zs="http://www.loc.gov/zing/srw/" xmlns:marc="http://www.loc.gov/MARC21/slim">
  <record>
    <leader>00945nx  a2200205   450 </leader>
    <controlfield tag="001">40200001</controlfield>
    <datafield tag="024" ind1="7" ind2=" ">
      <subfield code="2">ICCU</subfield>
      <subfield code="a">BVEV063836</subfield>
    </datafield>
    <datafield tag="024" ind1="7" ind2=" ">
      <subfield code="2">VIAF</subfield>
      <subfield code="a">90100501</subfield>
    </datafield>
    <datafield tag="100" ind1=" " ind2="1">
      <subfield code="a">Abbati, Giovanni Battista</subfield>
      <subfield code="d">fl. 1716-1723</subfield>
    </datafield>
  </record>