
  <record>
    <leader>00999nx  a2200181   450 </leader>
    <controlfield tag="001">40200002</controlfield>
    <datafield tag="024" ind1="7" ind2=" ">
      <subfield code="2">ICCU</subfield>
      <subfield code="a">CFIV003692</subfield>
    </datafield>
    <datafield tag="024" ind1="7" ind2=" ">
      <subfield code="2">VIAF</subfield>
      <subfield code="a">90110971</subfield>
    </datafield>
    <datafield tag="100" ind1=" " ind2="1">
      <subfield code="a">Abate, Rocco </subfield>
      <subfield code="f">&lt;1950-    &gt;</subfield>
      <subfield code="d">1950-</subfield>
    </datafield>
  </record>