
  <record>
    <leader>01075nx  a2200205   450 </leader>
    <controlfield tag="001">40200003</controlfield>
    <datafield tag="024" ind1="7" ind2=" ">
      <subfield code="2">ICCU</subfield>
      <subfield code="a">CFIV059870</subfield>
    </datafield>
    <datafield tag="024" ind1="7" ind2=" ">
      <subfield code="2">VIAF</subfield>
      <subfield code="a">39560822</subfield>
    </datafield>
    <datafield tag="100" ind1=" " ind2="1">
      <subfield code="a">Abbado, Claudio</subfield>
      <subfield code="d">1933-2014</subfield>
    </datafield>
  </record>