
  <record>
    <leader>01061nx  a2200193   450 </leader>
    <controlfield tag="001">40200004</controlfield>
    <datafield tag="024" ind1="7" ind2=" ">
      <subfield code="2">ICCU</subfield>
      <subfield code="a">CUBV000068</subfield>
    </datafield>
    <datafield tag="024" ind1="7" ind2=" ">
      <subfield code="2">VIAF</subfield>
      <subfield code="a">90199956</subfield>
    </datafield>
    <datafield tag="100" ind1=" " ind2="1">
      <subfield code="a">Abbate, Gennaro Michele</subfield>
      <subfield code="d">1874-1954</subfield>
    </datafield>
  </record>