
  <record>
    <leader>00227nx  a2200097   450 </leader>
    <controlfield tag="001">40200005</controlfield>
    <datafield tag="024" ind1="7" ind2=" ">
      <subfield code="2">ICCU</subfield>
      <subfield code="a">INTV000247</subfield>
    </datafield>
    <datafield tag="100" ind1=" " ind2="1">
      <subfield code="a">Abbadia, Luigia </subfield>
      <subfield code="f">&lt;cantante&gt;</subfield>
    </datafield>
  </record>