
  <record>
    <leader>00204nx  a2200097   450 </leader>
    <controlfield tag="001">40200006</controlfield>
    <datafield tag="024" ind1="7" ind2=" ">
      <subfield code="2">ICCU</subfield>
      <subfield code="a">INTV001440</subfield>
    </datafield>
    <datafield tag="100" ind1=" " ind2="1">
      <subfield code="a">Abbadia</subfield>
    </datafield>
  </record>