
  <record>
    <leader>00227nx  a2200097   450 </leader>
    <controlfield tag="001">40200010</controlfield>
    <datafield tag="024" ind1="7" ind2=" ">
      <subfield code="2">ICCU</subfield>
      <subfield code="a">INTV024717</subfield>
    </datafield>
    <datafield tag="100" ind1=" " ind2="1">
      <subfield code="a">Abati, Giuseppe </subfield>
      <subfield code="f">&lt;fl. 1783&gt;</subfield>
    </datafield>
  </record>