
  <record>
    <leader>00214nx  a2200097   450 </leader>
    <controlfield tag="001">40200012</controlfield>
    <datafield tag="024" ind1="7" ind2=" ">
      <subfield code="2">ICCU</subfield>
      <subfield code="a">INTV031520</subfield>
    </datafield>
    <datafield tag="100" ind1=" " ind2="1">
      <subfield code="a">Abbiati</subfield>
      <subfield code="f">&lt;tromba&gt;</subfield>
    </datafield>
  </record>