
  <record>
    <leader>00216nx  a2200097   450 </leader>
    <controlfield tag="001">40200017</controlfield>
    <datafield tag="024" ind1="7" ind2=" ">
      <subfield code="2">ICCU</subfield>
      <subfield code="a">INTV043651</subfield>
    </datafield>
    <datafield tag="100" ind1=" " ind2="1">
      <subfield code="a">Abbiate, Giovanni</subfield>
    </datafield>
  </record>