
  <record>
    <leader>00233nx  a2200097   450 </leader>
    <controlfield tag="001">40200019</controlfield>
    <datafield tag="024" ind1="7" ind2=" ">
      <subfield code="2">ICCU</subfield>
      <subfield code="a">INTV047870</subfield>
    </datafield>
    <datafield tag="100" ind1=" " ind2="1">
      <subfield code="a">Abbiati, Giovanni </subfield>
      <subfield code="f">&lt;trombettista&gt;</subfield>
    </datafield>
  </record>