
  <record>
    <leader>00972nx  a2200205   450 </leader>
    <controlfield tag="001">40200020</controlfield>
    <datafield tag="024" ind1="7" ind2=" ">
      <subfield code="2">ICCU</subfield>
      <subfield code="a">LO1V089687</subfield>
    </datafield>
    <datafield tag="024" ind1="7" ind2=" ">
      <subfield code="2">VIAF</subfield>
      <subfield code="a">100189707</subfield>
    </datafield>
    <datafield tag="100" ind1=" " ind2="1">
      <subfield code="a">Abati, Antonio</subfield>
      <subfield code="d">1604?-1667</subfield>
    </datafield>
  </record>