
  <record>
    <leader>00895nx  a2200193   450 </leader>
    <controlfield tag="001">40200021</controlfield>
    <datafield tag="024" ind1="7" ind2=" ">
      <subfield code="2">ICCU</subfield>
      <subfield code="a">LO1V162475</subfield>
    </datafield>
    <datafield tag="024" ind1="7" ind2=" ">
      <subfield code="2">VIAF</subfield>
      <subfield code="a">59352243</subfield>
    </datafield>
    <datafield tag="100" ind1=" " ind2="1">
      <subfield code="a">Abbatini, Antonio Maria</subfield>
      <subfield code="d">ca. 1595-ca. 1677</subfield>
    </datafield>
  </record>