
  <record>
    <leader>00240nx  a2200097   450 </leader>
    <controlfield tag="001">40200022</controlfield>
    <datafield tag="024" ind1="7" ind2=" ">
      <subfield code="2">ICCU</subfield>
      <subfield code="a">LO1V186388</subfield>
    </datafield>
    <datafield tag="100" ind1=" " ind2="1">
      <subfield code="a">Abashidzé-Gorlenko, Nina </subfield>
      <subfield code="f">&lt;principessa&gt;</subfield>
    </datafield>
  </record>