
  <record>
    <leader>00764nx  a2200193   450 </leader>
    <controlfield tag="001">40200031</controlfield>
    <datafield tag="024" ind1="7" ind2=" ">
      <subfield code="2">ICCU</subfield>
      <subfield code="a">MUSV000061</subfield>
    </datafield>
    <datafield tag="024" ind1="7" ind2=" ">
      <subfield code="2">VIAF</subfield>
      <subfield code="a">286431484</subfield>
    </datafield>
    <datafield tag="100" ind1=" " ind2="1">
      <subfield code="a">Aaron, Pietro</subfield>
      <subfield code="d">1489c-1545</subfield>
    </datafield>
  </record>