
  <record>
    <leader>00251nx  a2200109   450 </leader>
    <controlfield tag="001">40200032</controlfield>
    <datafield tag="024" ind1="7" ind2=" ">
      <subfield code="2">ICCU</subfield>
      <subfield code="a">MUSV000063</subfield>
    </datafield>
    <datafield tag="100" ind1=" " ind2="1">
      <subfield code="a">Abachidze</subfield>
      <subfield code="f">&lt;principessa&gt;</subfield>
      <subfield code="d">&lt;principessa&gt;</subfield>
    </datafield>
  </record>