
  <record>
    <leader>00224nx  a2200097   450 </leader>
    <controlfield tag="001">40200034</controlfield>
    <datafield tag="024" ind1="7" ind2=" ">
      <subfield code="2">ICCU</subfield>
      <subfield code="a">MUSV000066</subfield>
    </datafield>
    <datafield tag="100" ind1=" " ind2="1">
      <subfield code="a">Abancourt, Willemain : d'</subfield>
    </datafield>
  </record>