
  <record>
    <leader>00256nx  a2200109   450 </leader>
    <controlfield tag="001">40200036</controlfield>
    <datafield tag="024" ind1="7" ind2=" ">
      <subfield code="2">ICCU</subfield>
      <subfield code="a">MUSV000070</subfield>
    </datafield>
    <datafield tag="100" ind1=" " ind2="1">
      <subfield code="a">Abate, Giovanni </subfield>
      <subfield code="f">&lt;musicista&gt;</subfield>
      <subfield code="d">&lt;musicista&gt;</subfield>
    </datafield>
  </record>