
  <record>
    <leader>00317nx  a2200121   450 </leader>
    <controlfield tag="001">40200038</controlfield>
    <datafield tag="024" ind1="7" ind2=" ">
      <subfield code="2">ICCU</subfield>
      <subfield code="a">MUSV000077</subfield>
    </datafield>
    <datafield tag="100" ind1=" " ind2="1">
      <subfield code="a">Abati, Luigi</subfield>
    </datafield>
  </record>