
  <record>
    <leader>00310nx  a2200121   450 </leader>
    <controlfield tag="001">40200041</controlfield>
    <datafield tag="024" ind1="7" ind2=" ">
      <subfield code="2">ICCU</subfield>
      <subfield code="a">MUSV000083</subfield>
    </datafield>
    <datafield tag="100" ind1=" " ind2="1">
      <subfield code="a">Abbadia, Natale </subfield>
      <subfield code="f">&lt;1782-1861&gt;</subfield>
      <subfield code="d">&lt;1782-1861&gt;</subfield>
    </datafield>
  </record>