
  <record>
    <leader>00259nx  a2200109   450 </leader>
    <controlfield tag="001">40200042</controlfield>
    <datafield tag="024" ind1="7" ind2=" ">
      <subfield code="2">ICCU</subfield>
      <subfield code="a">MUSV000090</subfield>
    </datafield>
    <datafield tag="100" ind1=" " ind2="1">
      <subfield code="a">Abbate, Enrico </subfield>
      <subfield code="f">&lt;compositore&gt;</subfield>
      <subfield code="d">&lt;compositore&gt;</subfield>
    </datafield>
  </record>