
  <record>
    <leader>00262nx  a2200109   450 </leader>
    <controlfield tag="001">40200044</controlfield>
    <datafield tag="024" ind1="7" ind2=" ">
      <subfield code="2">ICCU</subfield>
      <subfield code="a">MUSV000093</subfield>
    </datafield>
    <datafield tag="100" ind1=" " ind2="1">
      <subfield code="a">Abbate, Gennaro Maria </subfield>
      <subfield code="f">&lt;1874-1954&gt;</subfield>
      <subfield code="d">&lt;1874-1954&gt;</subfield>
    </datafield>
  </record>