
  <record>
    <leader>00262nx  a2200109   450 </leader>
    <controlfield tag="001">40200045</controlfield>
    <datafield tag="024" ind1="7" ind2=" ">
      <subfield code="2">ICCU</subfield>
      <subfield code="a">MUSV000095</subfield>
    </datafield>
    <datafield tag="100" ind1=" " ind2="0">
      <subfield code="a">Abbate Napolitano </subfield>
      <subfield code="f">&lt;sec. 16.-17.&gt;</subfield>
      <subfield code="d">&lt;sec. 16.-17.&gt;</subfield>
    </datafield>
  </record>