
  <record>
    <leader>00284nx  a2200109   450 </leader>
    <controlfield tag="001">40200046</controlfield>
    <datafield tag="024" ind1="7" ind2=" ">
      <subfield code="2">ICCU</subfield>
      <subfield code="a">MUSV000098</subfield>
    </datafield>
    <datafield tag="100" ind1=" " ind2="1">
      <subfield code="a">Abbati, Achille </subfield>
      <subfield code="f">&lt;1857-1914 ; compositore&gt;</subfield>
      <subfield code="d">&lt;1857-1914 ; compositore&gt;</subfield>
    </datafield>
  </record>