
  <record>
    <leader>00278nx  a2200109   450 </leader>
    <controlfield tag="001">40200049</controlfield>
    <datafield tag="024" ind1="7" ind2=" ">
      <subfield code="2">ICCU</subfield>
      <subfield code="a">MUSV000102</subfield>
    </datafield>
    <datafield tag="100" ind1=" " ind2="1">
      <subfield code="a">Abbati, Francesco Maria </subfield>
      <subfield code="f">&lt;vescovo di Rieti&gt;</subfield>
      <subfield code="d">&lt;vescovo di Rieti&gt;</subfield>
    </datafield>
  </record>