
  <record>
    <leader>00254nx  a2200109   450 </leader>
    <controlfield tag="001">40200050</controlfield>
    <datafield tag="024" ind1="7" ind2=" ">
      <subfield code="2">ICCU</subfield>
      <subfield code="a">MUSV000103</subfield>
    </datafield>
    <datafield tag="100" ind1=" " ind2="1">
      <subfield code="a">Abbati, Gaspare </subfield>
      <subfield code="f">&lt;sec. 19.&gt;</subfield>
      <subfield code="d">&lt;sec. 19.&gt;</subfield>
    </datafield>
  </record>