
  <record>
    <leader>00323nx  a2200121   450 </leader>
    <controlfield tag="001">40200053</controlfield>
    <datafield tag="024" ind1="7" ind2=" ">
      <subfield code="2">ICCU</subfield>
      <subfield code="a">MUSV000106</subfield>
    </datafield>
    <datafield tag="100" ind1=" " ind2="1">
      <subfield code="a">Abbati, Pietro </subfield>
      <subfield code="f">&lt;scenografo&gt;</subfield>
      <subfield code="d">&lt;scenografo&gt;</subfield>
    </datafield>
  </record>