
  <record>
    <leader>00281nx  a2200109   450 </leader>
    <controlfield tag="001">40200054</controlfield>
    <datafield tag="024" ind1="7" ind2=" ">
      <subfield code="2">ICCU</subfield>
      <subfield code="a">MUSV000107</subfield>
    </datafield>
    <datafield tag="100" ind1=" " ind2="1">
      <subfield code="a">Abbati, Pietro </subfield>
      <subfield code="f">&lt;sec. 18. ; compositore&gt;</subfield>
      <subfield code="d">&lt;sec. 18. ; compositore&gt;</subfield>
    </datafield>
  </record>