
  <record>
    <leader>00213nx  a2200097   450 </leader>
    <controlfield tag="001">40200055</controlfield>
    <datafield tag="024" ind1="7" ind2=" ">
      <subfield code="2">ICCU</subfield>
      <subfield code="a">MUSV000112</subfield>
    </datafield>
    <datafield tag="100" ind1=" " ind2="1">
      <subfield code="a">Abbema, Louise</subfield>
    </datafield>
  </record>