
  <record>
    <leader>00311nx  a2200121   450 </leader>
    <controlfield tag="001">40200056</controlfield>
    <datafield tag="024" ind1="7" ind2=" ">
      <subfield code="2">ICCU</subfield>
      <subfield code="a">MUSV000114</subfield>
    </datafield>
    <datafield tag="100" ind1=" " ind2="1">
      <subfield code="a">Abbiate, Luigi </subfield>
      <subfield code="f">&lt;1866-1933&gt;</subfield>
      <subfield code="d">1866-1933</subfield>
    </datafield>
  </record>