
  <record>
    <leader>00207nx  a2200097   450 </leader>
    <controlfield tag="001">40200069</controlfield>
    <datafield tag="024" ind1="7" ind2=" ">
      <subfield code="2">ICCU</subfield>
      <subfield code="a">MUSV002250</subfield>
    </datafield>
    <datafield tag="100" ind1=" " ind2="0">
      <subfield code="a">A.P.F.M.B.</subfield>
    </datafield>
  </record>