
  <record>
    <leader>00247nx  a2200109   450 </leader>
    <controlfield tag="001">40200072</controlfield>
    <datafield tag="024" ind1="7" ind2=" ">
      <subfield code="2">ICCU</subfield>
      <subfield code="a">MUSV003369</subfield>
    </datafield>
    <datafield tag="100" ind1=" " ind2="0">
      <subfield code="a">A.Z. </subfield>
      <subfield code="f">&lt;librettista&gt;</subfield>
      <subfield code="d">&lt;librettista&gt;</subfield>
    </datafield>
  </record>