
  <record>
    <leader>00384nx  a2200145   450 </leader>
    <controlfield tag="001">40200073</controlfield>
    <datafield tag="024" ind1="7" ind2=" ">
      <subfield code="2">ICCU</subfield>
      <subfield code="a">MUSV019293</subfield>
    </datafield>
    <datafield tag="100" ind1=" " ind2="1">
      <subfield code="a">Zúñiga y Avellaneda, Francisco : de</subfield>
      <subfield code="d">16. sec.</subfield>
    </datafield>
  </record>