
  <record>
    <leader>00292nx  a2200121   450 </leader>
    <controlfield tag="001">40200075</controlfield>
    <datafield tag="024" ind1="7" ind2=" ">
      <subfield code="2">ICCU</subfield>
      <subfield code="a">MUSV052172</subfield>
    </datafield>
    <datafield tag="100" ind1=" " ind2="0">
      <subfield code="a">Abbate Pitigliano</subfield>
      <subfield code="d">&lt;abate&gt;</subfield>
    </datafield>
  </record>