
  <record>
    <leader>00523nx  a2200169   450 </leader>
    <controlfield tag="001">40200077</controlfield>
    <datafield tag="024" ind1="7" ind2=" ">
      <subfield code="2">ICCU</subfield>
      <subfield code="a">MUSV073240</subfield>
    </datafield>
    <datafield tag="100" ind1=" " ind2="1">
      <subfield code="a">Hessen-Darmstadt, Emil : von</subfield>
      <subfield code="d">1790-1856</subfield>
    </datafield>
  </record>