
  <record>
    <leader>00262nx  a2200109   450 </leader>
    <controlfield tag="001">40200078</controlfield>
    <datafield tag="024" ind1="7" ind2=" ">
      <subfield code="2">ICCU</subfield>
      <subfield code="a">MUSV073631</subfield>
    </datafield>
    <datafield tag="100" ind1=" " ind2="1">
      <subfield code="a">Abate, Alessandro </subfield>
      <subfield code="f">&lt;compositore&gt;</subfield>
      <subfield code="d">&lt;compositore&gt;</subfield>
    </datafield>
  </record>