
  <record>
    <leader>00316nx  a2200121   450 </leader>
    <controlfield tag="001">40200083</controlfield>
    <datafield tag="024" ind1="7" ind2=" ">
      <subfield code="2">ICCU</subfield>
      <subfield code="a">MUSV086542</subfield>
    </datafield>
    <datafield tag="100" ind1=" " ind2="1">
      <subfield code="a">Abbiati, Antonio </subfield>
      <subfield code="f">&lt;macchinista&gt;</subfield>
      <subfield code="d">&lt;macchinista&gt;</subfield>
    </datafield>
  </record>