
  <record>
    <leader>00755nx  a2200145   450 </leader>
    <controlfield tag="001">40200084</controlfield>
    <datafield tag="024" ind1="7" ind2=" ">
      <subfield code="2">ICCU</subfield>
      <subfield code="a">MUSV087250</subfield>
    </datafield>
    <datafield tag="024" ind1="7" ind2=" ">
      <subfield code="2">VIAF</subfield>
      <subfield code="a">24794465</subfield>
    </datafield>
    <datafield tag="100" ind1=" " ind2="1">
      <subfield code="a">Abbado, Roberto</subfield>
      <subfield code="d">1954-</subfield>
    </datafield>
  </record>