
  <record>
    <leader>01143nx  a2200193   450 </leader>
    <controlfield tag="001">40200085</controlfield>
    <datafield tag="024" ind1="7" ind2=" ">
      <subfield code="2">ICCU</subfield>
      <subfield code="a">PALV017756</subfield>
    </datafield>
    <datafield tag="024" ind1="7" ind2=" ">
      <subfield code="2">VIAF</subfield>
      <subfield code="a">226575015</subfield>
    </datafield>
    <datafield tag="100" ind1=" " ind2="1">
      <subfield code="a">Abbate, Onofrio</subfield>
      <subfield code="d">1824-1915</subfield>
    </datafield>
  </record>