
  <record>
    <leader>01161nx  a2200193   450 </leader>
    <controlfield tag="001">40200086</controlfield>
    <datafield tag="024" ind1="7" ind2=" ">
      <subfield code="2">ICCU</subfield>
      <subfield code="a">RAVV037393</subfield>
    </datafield>
    <datafield tag="024" ind1="7" ind2=" ">
      <subfield code="2">VIAF</subfield>
      <subfield code="a">103155212</subfield>
    </datafield>
    <datafield tag="100" ind1=" " ind2="1">
      <subfield code="a">Abbiati, Franco </subfield>
      <subfield code="f">&lt;1898-1981&gt;</subfield>
      <subfield code="d">1898-1981</subfield>
    </datafield>
  </record>