
  <record>
    <leader>01247nx  a2200205   450 </leader>
    <controlfield tag="001">40200087</controlfield>
    <datafield tag="024" ind1="7" ind2=" ">
      <subfield code="2">ICCU</subfield>
      <subfield code="a">RAVV068789</subfield>
    </datafield>
    <datafield tag="024" ind1="7" ind2=" ">
      <subfield code="2">VIAF</subfield>
      <subfield code="a">34640709</subfield>
    </datafield>
    <datafield tag="100" ind1=" " ind2="1">
      <subfield code="a">Abbado, Michelangelo</subfield>
      <subfield code="d">1890-1979</subfield>
    </datafield>
  </record>