
  <record>
    <leader>00672nx  a2200157   450 </leader>
    <controlfield tag="001">40200088</controlfield>
    <datafield tag="024" ind1="7" ind2=" ">
      <subfield code="2">ICCU</subfield>
      <subfield code="a">RMLV042081</subfield>
    </datafield>
    <datafield tag="024" ind1="7" ind2=" ">
      <subfield code="2">VIAF</subfield>
      <subfield code="a">90314676</subfield>
    </datafield>
    <datafield tag="100" ind1=" " ind2="1">
      <subfield code="a">Abbati Marescotti, Paolo</subfield>
      <subfield code="d">1812-1878</subfield>
    </datafield>
  </record>