
  <record>
    <leader>00222nx  a2200097   450 </leader>
    <controlfield tag="001">40200089</controlfield>
    <datafield tag="024" ind1="7" ind2=" ">
      <subfield code="2">ICCU</subfield>
      <subfield code="a">SBNV012486</subfield>
    </datafield>
    <datafield tag="100" ind1=" " ind2="1">
      <subfield code="a">Abadie, J. </subfield>
      <subfield code="f">&lt;cantante&gt;</subfield>
    </datafield>
  </record>