
  <record>
    <leader>00281nx  a2200109   450 </leader>
    <controlfield tag="001">40200090</controlfield>
    <datafield tag="024" ind1="7" ind2=" ">
      <subfield code="2">ICCU</subfield>
      <subfield code="a">SBNV013135</subfield>
    </datafield>
    <datafield tag="100" ind1=" " ind2="1">
      <subfield code="a">Abbagnato-Milanesi, Litterio</subfield>
      <subfield code="d">1810-?</subfield>
    </datafield>
  </record>