
  <record>
    <leader>00225nx  a2200097   450 </leader>
    <controlfield tag="001">40200091</controlfield>
    <datafield tag="024" ind1="7" ind2=" ">
      <subfield code="2">ICCU</subfield>
      <subfield code="a">SBNV013936</subfield>
    </datafield>
    <datafield tag="100" ind1=" " ind2="1">
      <subfield code="a">Abadia, Luisa </subfield>
      <subfield code="f">&lt;cantante&gt;</subfield>
    </datafield>
  </record>