
  <record>
    <leader>00209nx  a2200097   450 </leader>
    <controlfield tag="001">40200092</controlfield>
    <datafield tag="024" ind1="7" ind2=" ">
      <subfield code="2">ICCU</subfield>
      <subfield code="a">SBNV016299</subfield>
    </datafield>
    <datafield tag="100" ind1=" " ind2="1">
      <subfield code="a">Abbadia, M</subfield>
    </datafield>
  </record>