
  <record>
    <leader>00427nx  a2200133   450 </leader>
    <controlfield tag="001">40200093</controlfield>
    <datafield tag="024" ind1="7" ind2=" ">
      <subfield code="2">ICCU</subfield>
      <subfield code="a">UBOV609266</subfield>
    </datafield>
    <datafield tag="100" ind1=" " ind2="1">
      <subfield code="a">Abatessa, Giovanni Battista</subfield>
    </datafield>
  </record>
</collection>
